<?xml version="1.0" encoding="UTF-8"?><collection xmlns="http://www.loc.gov/MARC21/slim"><record><leader>00371nam--2200121-i-4500</leader><controlfield tag="001">000013867</controlfield><controlfield tag="002">20161230</controlfield><controlfield tag="005">20161230201030</controlfield><controlfield tag="008">060222s1000------------r-----000-0-eng-d</controlfield><datafield ind1=" " ind2=" " tag="020"><subfield code="a">184P</subfield></datafield><datafield ind1=" " ind2=" " tag="245"><subfield code="a">Culegere de articole. din</subfield></datafield><datafield ind1=" " ind2=" " tag="260"><subfield code="a">Lucrarile Inst.De Geofizica Nr.9(136) Izdat.Akad.Nauk Sssr, Moscova, 1950</subfield></datafield><datafield ind1=" " ind2=" " tag="490"><subfield code="a">Bucuresti, Academia Republicii Populare Romane, 1950</subfield></datafield></record></collection>